@article { CKMN01,
    author    = {Moses Charikar, Samir Khuller, David M. Mount and Giri Narasimhan},
    year      = {2001},
    title     = {Algorithms for facility location problems with outliers},
    booktitle = {Proceedings of the Twelfth Annual Symposium on Discrete Algorithms},
    pages     = {642-651}
}

@article { MK08,
    author    = {Richard Matthew McCutchen and Samir Khuller},
    year      = {2008},
    title     = {Streaming algorithms for k-center clustering with outliers and with anonymity},
    booktitle = {Approximation, Randomization and Combinatorial Optimization Algorithms and Techniques},
    pages     = {165-178}
}

